@article{boneh:99,
  author = {Dan Boneh},
  title = {Twenty years of attacks on the RSA cryptosystem},
  pages = {203--213},
  journal = {Notices of the American Mathematical Society},
  year = {1999}
}

@article{rivest:78,
  author = {Ronald Rivest and Adi Shamir and Leonard Adleman},
  title = {A Method for Obtaining Digital Signatures and Public-Key Cryptosystems},
  pages = {120--126},
  journal = {Communications of the ACM},
  year = {1978}
}

@misc{rsa:09:1,
  author = {Ronald Rivest and others},
  title = {How does one find random numbers for keys?},
  howpublished = {RSA Laboratories},
  year = {2009},
  note = {Disponível em: \url{http://www.emc.com/emc-plus/rsa-labs/standards-initiatives/find-random-numbers-for-keys.htm}. Acesso em: 19 mai 2016.}
}

@misc{rsa:09:2,
  author = {Ronald Rivest and others},
  title = {What key size should be used?},
  howpublished = {RSA Laboratories},
  year = {2009},
  note = {Disponível em: \url{http://www.emc.com/emc-plus/rsa-labs/standards-initiatives/key-size.htm}. Acesso em: 19 mai 2016.}
}

@misc{lenstra:12,
    author = {Arjen K. Lenstra and James P. Hughes and Maxime Augier and Joppe W. Bos and Thorsten Kleinjung and Christophe Wachter},
    title = {Ron was wrong, Whit is right},
    howpublished = {Cryptology ePrint Archive, Report 2012/064},
    year = {2012},
    note = {Disponível em: \url{http://eprint.iacr.org/2012/064.pdf}. Acesso em: 19 mai 2016.}
}

@misc{timmer:10,
    author = {John Timmer},
    title = {768-bit RSA cracked, 1024-bit safe (for now)},
    howpublished = {Ars Technica},
    year = {2010},
    note = {Disponível em: \url{http://arstechnica.com/security/2010/01/768-bit-rsa-cracked-1024-bit-safe-for-now/}. Acesso em: 19 mai 2016.}
}
