@InCollection{knuth:97,
  author = {Donald E. Knuth},
  title = {Seminumerical Algorithms},
  booktitle = {The Art of Computer Programming},
  pages = {10--26},
  publisher = {Addison-Wesley},
  year = {1997},
  edition = {3rd}
}

@Book{severance:01,
  author = {Frank Severance},
  title = {System Modeling and Simulation},
  pages = {86},
  publisher = {John Wiley {\&} Sons, Ltd.},
  year = {2001}
}

@Book{cormen:01,
  author = {Thomas H. Cormen and Charles E. Leiserson and Ronald L. Rivest and Clifford Stein},
  title = {Introduction to Algorithms},
  pages = {889--890},
  publisher = {McGraw-Hill},
  year = {2001},
  edition = {2nd}
}

@misc{malone:15,
  author = {Mike Malone},
  title = {TIFU by using Math.random()},
  howpublished = {\url{https://medium.com/@betable/tifu-by-using-math-random-f1c308c4fd9d}},
  year = {2001},
  note = {Acesso em: 28 abr 2016}
}

@misc{aoki:10,
  author = {Kazumaro Aoki and Jens Franke and Arjen K. Lenstra and Emmanuel Thom√© and Joppe W. Bos and Pierrick Gaudry and Alexander Kruppa and Peter L. Montgomery and Dag Arne Osvik and Herman te Riele and Andrey Timofeev and Paul Zimmermann},
  title = {Factorization of a 768-bit RSA modulus},
  howpublished = {\url{http://eprint.iacr.org/2010/006.pdf}},
  year = {2010},
  note = {Acesso em: 28 abr 2016}
}
