@book{stallings:2002,
 author = {William Stallings},
 title = {Cryptography and Network Security: Principles and Practice},
 year = {2002},
 edition = {3rd},
 publisher = {Pearson Education},
 pages = {120--137}
}

@misc{weisstein:1999:group,
    author = {Eric Weisstein},
    title = {Group},
    howpublished = {Wolfram MathWorld},
    year = {1999},
    note = {Disponível em: \url{http://mathworld.wolfram.com/Group.html}. Acesso em: 25 mai 2016.}
}

@misc{weisstein:1999:ring,
    author = {Eric Weisstein},
    title = {Ring},
    howpublished = {Wolfram MathWorld},
    year = {1999},
    note = {Disponível em: \url{http://mathworld.wolfram.com/Ring.html}. Acesso em: 25 mai 2016.}
}

@misc{weisstein:1999:fieldaxioms,
    author = {Eric Weisstein},
    title = {Field Axioms},
    howpublished = {Wolfram MathWorld},
    year = {1999},
    note = {Disponível em: \url{http://mathworld.wolfram.com/FieldAxioms.html}. Acesso em: 25 mai 2016.}
}

@misc{weisstein:1999:finitefield,
    author = {Eric Weisstein},
    title = {Finite Field},
    howpublished = {Wolfram MathWorld},
    year = {1999},
    note = {Disponível em: \url{http://mathworld.wolfram.com/FiniteField.html}. Acesso em: 25 mai 2016.}
}

@misc{weisstein:1999:irreducible,
    author = {Eric Weisstein},
    title = {Irreducible Polynomial},
    howpublished = {Wolfram MathWorld},
    year = {1999},
    note = {Disponível em: \url{http://mathworld.wolfram.com/IrreduciblePolynomial.html}. Acesso em: 25 mai 2016.}
}
