@article{diffie:76,
  author = {Bailey W. Diffie and Martin E. Hellman},
  title = {New Directions in Cryptography},
  journal = {IEEE Transactions on Information Theory},
  issue_date = {November 1976},
  pages = {644--654},
  publisher = {IEEE Press}
}
