@techreport{fips:2015,
  author = {Morris J. Dworkin},
  title = {{SHA}-3 Standard: Permutation-Based Hash and Extendable-Output Functions},
  year  = {2015},
  publisher = {National Institute of Standards and Technology ({NIST})},
  url = {http://dx.doi.org/10.6028/NIST.FIPS.202},
  urldate = {12 jun 2016}
}

@online{keccak:2011,
    author = {Guido Bertoni and John Daemen and Michaël Peeters and Gilles Van Assche},
    title = {Cryptographic sponge functions},
    year = {2011},
    url = {http://keccak.noekeon.org/Keccak-reference-3.0.pdf},
    urldate = {26 jun 2016}
}

@online{noekeon:2011,
    author = {Guido Bertoni and John Daemen and Michaël Peeters and Gilles Van Assche},
    title = {Cryptographic sponge functions},
    year = {2011},
    url = {http://sponge.noekeon.org/},
    urldate = {20 jun 2016}
}
